@manual{V701,
  author = {TU Dortmund},
  title = {V701 - Reichweite von Alpha-Strahlung},
  year = 2019
}
